02RETORNO01COBRANCA       00000000000005115259DFLOG - TRANSPORTE DE CARGAS L237BRADESCO       0212190160000000010                                                                                                                                                                                                                                                                          031219         000001
10212506375000107000000902024002425005443                     000000000000000000700000000000000000000000000906021219001000001900000000000000000070041219000000149500000103599  000000000000000000000000000000000000000000000000000000000000000000000000000000000000149500000000000000000000000000000   031219             00000000000000                                                                  000002
9201237          000000010000000149500000000010          00000000000000000000001495000000010000014950000000000000000000000000000000000000000000000000000000000000000000000000000000000000000                                                                                                                                                                              00000000000000000000000         000003
